<record><leader>00000nas a2200000 i 4500</leader><controlfield tag="001">937990500</controlfield><controlfield tag="008">160210d189u1919oruwr neo     0   a0eng  </controlfield><datafield ind1=" " ind2=" " tag="010"><subfield code="a">  2015270857</subfield></datafield><datafield ind1=" " ind2=" " tag="040"><subfield code="a">DLC</subfield><subfield code="b">eng</subfield><subfield code="e">rda</subfield><subfield code="c">DLC</subfield></datafield><datafield ind1="0" ind2=" " tag="022"><subfield code="a">2470-7937</subfield><subfield code="2">1</subfield></datafield><datafield ind1=" " ind2=" " tag="042"><subfield code="a">pcc</subfield><subfield code="a">nsdp</subfield></datafield><datafield ind1=" " ind2=" " tag="043"><subfield code="a">n-us-or</subfield></datafield><datafield ind1="1" ind2="0" tag="050"><subfield code="a">ISSN RECORD</subfield></datafield><datafield ind1="1" ind2="0" tag="082"><subfield code="a">071</subfield><subfield code="2">23</subfield></datafield><datafield ind1=" " ind2="0" tag="222"><subfield code="a">Condon globe</subfield><subfield code="b">(Online)</subfield></datafield><datafield ind1="0" ind2="0" tag="245"><subfield code="a">Condon globe.</subfield></datafield><datafield ind1=" " ind2="1" tag="264"><subfield code="a">Condon, Gilliam Co., Oregon :</subfield><subfield code="b">Sloan P. Shutt</subfield></datafield><datafield ind1=" " ind2=" " tag="300"><subfield code="a">1 online resource</subfield></datafield><datafield ind1=" " ind2=" " tag="310"><subfield code="a">Weekly</subfield></datafield><datafield ind1=" " ind2=" " tag="336"><subfield code="a">text</subfield><subfield code="b">txt</subfield><subfield code="2">rdacontent</subfield></datafield><datafield ind1=" " ind2=" " tag="337"><subfield code="a">computer</subfield><subfield code="b">c</subfield><subfield code="2">rdamedia</subfield></datafield><datafield ind1=" " ind2=" " tag="338"><subfield code="a">online resource</subfield><subfield code="b">cr</subfield><subfield code="2">rdacarrier</subfield></datafield><datafield ind1="1" ind2=" " tag="362"><subfield code="a">Ceased in 1919.</subfield></datafield><datafield ind1=" " ind2=" " tag="525"><subfield code="a">Includes supplemental "Annual race meet edition," nos. 1-6 (May 27-June 1, 1918).</subfield></datafield><datafield ind1=" " ind2=" " tag="530"><subfield code="a">Also issued on microfilm from University of Oregon.</subfield></datafield><datafield ind1=" " ind2=" " tag="580"><subfield code="a">Merged with: Condon times, to form: Condon globe-times.</subfield></datafield><datafield ind1=" " ind2=" " tag="588"><subfield code="a">Description based on: Vol. 2, no. 2 (April 1, 1892); title from masthead (Chroniclingamerica.loc.gov, viewed February 10, 2016).</subfield></datafield><datafield ind1=" " ind2=" " tag="588"><subfield code="a">Latest issue consulted: Vol. 29, no. 41 (Dec. 27, 1918) (Chroniclingamerica.loc.gov, viewed February 10, 2016).</subfield></datafield><datafield ind1=" " ind2="0" tag="651"><subfield code="a">Condon (Or.)</subfield><subfield code="v">Newspapers.</subfield></datafield><datafield ind1=" " ind2="7" tag="651"><subfield code="a">Oregon</subfield><subfield code="z">Condon.</subfield><subfield code="2">fast</subfield><subfield code="0">(OCoLC)fst01280553</subfield></datafield><datafield ind1=" " ind2="7" tag="655"><subfield code="a">Newspapers.</subfield><subfield code="2">fast</subfield><subfield code="0">(OCoLC)fst01423814</subfield></datafield><datafield ind1=" " ind2=" " tag="752"><subfield code="a">United States</subfield><subfield code="b">Oregon</subfield><subfield code="c">Gilliam</subfield><subfield code="d">Condon.</subfield></datafield><datafield ind1="0" ind2="8" tag="776"><subfield code="i">Originally issued in print::</subfield><subfield code="t">Condon globe</subfield><subfield code="x">2470-7929</subfield><subfield code="w">(DLC)sn 96088376</subfield><subfield code="w">(OCoLC)37184312</subfield></datafield><datafield ind1="1" ind2="7" tag="785"><subfield code="t">Condon times</subfield></datafield><datafield ind1="1" ind2="7" tag="785"><subfield code="t">Condon globe-times</subfield></datafield><datafield ind1="4" ind2="0" tag="856"><subfield code="u">http://www.loc.gov/chroniclingamerica/lccn/sn96088376/issues</subfield></datafield></record>